2594 4574
76 171 120 261 pr
427 160 629 232 nunnoni
648 163 875 230 Anniana
901 154 903 159 ·

35 322 36 329 '
124 336 379 423 Oanqrrrrouas
399 331 527 487 ijurae
550 330 722 400 incolarum
739 349 905 479 praecrspuae
919 333 1022 399 sunt:-

129 461 150 501 ,¹
167 437 194 477 a.
214 416 408 502 multiplicare
454 417 594 506 pecierit,
617 435 654 482 ut
668 418 812 501 negotiis'
836 416 980 483 officiant.
1061 484 1064 501 ι

35 516 39 529 ’
115 570 121 589 .
163 488 419 587 ariprandum
442 503 524 596 inter
537 500 669 588 Species
682 501 875 566 Animaiium
895 498 1175 591 &vegetabilium
1196 504 1254 573 iet·

205 602 305 662 vata,
327 600 362 652 ut
382 599 549 672 proportio
569 599 730 670 perennet.

186 665 352 818 Depone
379 669 547 757 quotannis
575 664 799 755 vegetabilia,
840 679 876 734 ut
910 681 1082 739 renovetur
1116 695 1254 743 annumn

224 767 387 820 teatrum.

78 898 83 906 .
187 840 323 923 sbdcrre
347 854 493 911 erronea,
512 853 554 901 ne
566 836 765 924 expellantur
783 836 929 922 legitima.

191 921 319 1005 Artfrrre
332 921 498 1007 languida,
519 937 657 998 mortua,
677 922 852 998 immunda,
870 923 953 987 'cons
969 936 1099 1004 utcaia,
1122 927 1255 1012 stagnare

228 1007 294 1080 tia,
315 1005 404 1097 acida
430 1004 462 1070 dt
480 1004 624 1090 putrido,
653 1016 689 1069 ut
710 1017 794 1072 nitor
816 1007 893 1072 aulae
912 943 968 1072 fui
980 1024 1039 1077 eat.

145 1117 176 1180 ³·
199 1087 347 1154 vindicare
370 1091 402 1153 se
425 1089 511 1177 ipsos
530 1090 572 1155 ab
599 1089 745 1169 interint,
766 1108 807 1155 ne
828 1103 956 1185 vaceta
1009 1096 1017 1108 ‘
1043 1094 1169 1162 isiratio.

71 1330 78 1351 ,
125 1267 339 1331 oncononro
362 1261 489 1327 Natura
509 1257 645 1323 versatur
668 1256 754 1324 circa
772 1259 893 1327 Rerum
913 1255 1156 1339 Generatiorrem‚
1182 1259 1255 1327 Coa·

183 1345 394 1430 fetidiorem,
433 1339 686 1425 Desirnsir'onem,
723 1355 759 1407 ut
792 1364 874 1431 opus
909 1345 1067 1415 Creatotis
1099 1348 1256 1415 illibatum

75 1486 78 1490 .
127 1449 130 1454 ·
232 1427 341 1505 rsroat,
369 1426 408 1495 ad
428 1425 514 1513 quod
535 1436 603 1490 tota
622 1424 780 1512 conspirat
799 1429 930 1495 Natura.
1078 1492 1084 1501 ,

84 1520 88 1526 ’
168 1450 313 1582 (ἕξιππα
335 1509 439 1578 calido
460 1508 622 1592 sanguine,
643 1526 702 1594 pro
720 1511 924 1588 educatione,
944 1515 1075 1580 aliorum
1089 1530 1257 1604 cutaopus

188 1598 330 1669 habent3
352 1611 487 1680 cumque
503 1595 634 1657 Creator
655 1610 720 1656 non
740 1597 978 1667 remunerandus
992 1599 1084 1685 primi
1098 1599 1257 1666 individui

178 1697 299 1749 „curant
322 1679 429 1764 gessit,
459 1674 635 1764 dopositum
654 1674 717 1740 hoc
741 1681 873 1746 transeat
888 1683 972 1748 linea
994 1681 1193 1751 descendenti
1215 1684 1256 1750 ad

189 1778 300 1840 natos,
327 1767 383 1850 qui
405 1761 439 1826 id
452 1759 576 1847 parenti
596 1774 661 1822 non
682 1758 822 1829 reddunt.

170 1849 358 1931 conservatio
377 1845 564 1933 quotidiano
581 1842 753 1924 alimento,
775 1846 827 1911 sed
847 1847 912 1912 late
934 1848 1096 1936 disperso,
1116 1850 1258 1938 adeoque

145 1967 150 1988 .
192 1933 327 2021 impigre
349 1926 538 2017 quarendot
560 1923 603 1990 sie
623 1927 737 1997 Fames
752 1930 901 2020 dispergit
918 1944 974 2018 per
992 1935 1103 2001 orbern
1115 1955 1172 2012 ea,
1189 1956 1259 2021 quae

113 2050 116 2057 ·
193 2015 309 2082 Venus
337 2023 506 2080 convocat

175 2094 343 2184 Destruiir'o
364 2098 456 2163 unius
475 2093 512 2160 fit
531 2091 656 2162 alterius
677 2097 848 2184 reparatio,
874 2114 947 2166 cuin
967 2099 1188 2169 deficientibus
1209 2122 1258 2168 ca·

193 2186 365 2253 daveribus
382 2179 545 2246 laborioso·
559 2192 677 2245 venatu
697 2182 909 2249 sustentabitur
930 2185 996 2251 vita
1014 2212 1023 2249 ε
1057 2183 1113 2251 Sic
1132 2186 1257 2274 Rapina

83 2336 86 2341 ,
193 2287 297 2336 rerum
324 2264 464 2334 omniunt
488 2261 555 2339 eii,
587 2281 680 2347 quant
708 2266 820 2343 armis,
849 2268 1068 2346 munimentis,
1096 2282 1184 2334 motu
1213 2269 1260 2335 di·

193 2350 390 2425 versrrnodo,
412 2346 573 2432 halituque
591 2348 719 2413 eludant
740 2351 921 2428 vivaciora,
941 2352 1016 2419 dum
1035 2352 1180 2433 languida
1195 2355 1260 2418 suc·

195 2434 345 2504 cumbant
367 2431 405 2500 ,or
427 2433 589 2514 vegetiora
615 2432 650 2497 iu
671 2444 759 2499 motu
782 2431 952 2510 festinent.
979 2451 1013 2503 ut
1040 2451 1124 2524 opus
1144 2449 1260 2502 natura

195 2518 329 2609 perenni
348 2518 425 2584 flore
446 2514 553 2583 ridear
917 2533 922 2538 ·

135 2688 355 2766 lnauasontrs
375 2687 500 2753 Natnrae
514 2681 608 2748 etiarn
621 2681 741 2769 praefixi
758 2684 796 2749 ad
813 2685 916 2750 munia
930 2696 1055 2773 promte
1070 2687 1260 2775 peragenda.-

177 2774 273 2840 Verrus
298 2772 410 2838 blanda
426 2771 465 2834 ad
486 2766 789 2852 Multiplicationem
810 2782 974 2836 convocat
994 2773 1172 2859 irritatque,
1232 2804 1236 2818 ·

176 2858 281 2926 Fames
301 2875 392 2920 avara
412 2854 450 2920 ad
471 2851 748 2916 conservationem
769 2851 919 2951 dispergit
940 2853 1168 2945 sollicitatque,

177 2940 278 3007 Dolor
298 2953 390 3004 atrox
408 2939 448 3003 ad
466 2933 712 3002 Desttudiionent
732 2947 873 3006 concitat
892 2938 1101 3029 repetitque,

216 3040 321 3112 atque
341 3023 374 3089 hi
395 3021 458 3091 stne
477 3018 627 3088 Numine.
1050 3038 1056 3048 ·
1109 3045 1111 3055 ·
